<record><leader>00000cas a22000007a 4500</leader><controlfield tag="001">42205536</controlfield><controlfield tag="008">990821c19999999inudn ne      0    0eng d</controlfield><datafield ind1=" " ind2=" " tag="010"><subfield code="a">sn 99063504 </subfield></datafield><datafield ind1=" " ind2=" " tag="040"><subfield code="a">NPI</subfield><subfield code="b">eng</subfield><subfield code="c">NPI</subfield><subfield code="d">OCLCF</subfield><subfield code="d">OCLCO</subfield></datafield><datafield ind1=" " ind2=" " tag="042"><subfield code="a">msc</subfield></datafield><datafield ind1=" " ind2=" " tag="043"><subfield code="a">n-us-in</subfield></datafield><datafield ind1="0" ind2="4" tag="245"><subfield code="a">The reporter-times.</subfield></datafield><datafield ind1="2" ind2=" " tag="246"><subfield code="a">Reporter times</subfield></datafield><datafield ind1=" " ind2=" " tag="260"><subfield code="a">Martinsville, Ind. :</subfield><subfield code="b">Scott Schurz,</subfield><subfield code="c">1999-</subfield></datafield><datafield ind1=" " ind2=" " tag="300"><subfield code="a">v. :</subfield><subfield code="b">ill. ;</subfield><subfield code="c">58 cm.</subfield></datafield><datafield ind1=" " ind2=" " tag="310"><subfield code="a">Daily (except Sunday, Thanksgiving, Christmas, Memorial Day, New Year's Day, and Labor Day)</subfield></datafield><datafield ind1="0" ind2=" " tag="362"><subfield code="a">110th year, no. 67 (Mar. 15, 1999)-</subfield></datafield><datafield ind1=" " ind2=" " tag="515"><subfield code="a">110th year, no. 66 skipped in enumeration.</subfield></datafield><datafield ind1=" " ind2="0" tag="651"><subfield code="a">Morgan County (Ind.)</subfield><subfield code="v">Newspapers.</subfield></datafield><datafield ind1=" " ind2="7" tag="655"><subfield code="a">Newspapers.</subfield><subfield code="2">fast</subfield><subfield code="0">(OCoLC)fst01423814</subfield></datafield><datafield ind1=" " ind2="7" tag="651"><subfield code="a">Indiana</subfield><subfield code="z">Morgan County.</subfield><subfield code="2">fast</subfield><subfield code="0">(OCoLC)fst01218134</subfield></datafield><datafield ind1=" " ind2=" " tag="752"><subfield code="a">United States</subfield><subfield code="b">Indiana</subfield><subfield code="c">Morgan</subfield><subfield code="d">Martinsville.</subfield></datafield><datafield ind1="0" ind2="0" tag="780"><subfield code="t">Reporter (Martinsville, Ind.)</subfield><subfield code="w">(DLC)sn 86058504</subfield></datafield></record>